sku,brand,caption,unit,badge,link,image_url,price,per_unit,regular_price,promo_price,availability
2097048,BRIT,"pełnoporcjowa karma sucha dla dorosłych kotów po zabiegu sterylizacji, o smaku jagnięciny z indykiem",800 g,MEGA!,"https://www.rossmann.pl/Produkt/Suche/Brit-pelnoporcjowa-karma-sucha-dla-doroslych-kotow-po-zabiegu-sterylizacji-o-smaku-jagnieciny-z-ind,2097048,19123",https://pro-fra-s3-productsassets.rossmann.pl/product_1_medium/2097048_360_350_1734435017.webp,"19,49 zł","100 g = 2,44 zł",29.99,19.49,Niedostępny online; Sprawdź dostępność w drogerii
2097047,BRIT,"pełnoporcjowa karma sucha dla dorosłych kotów, o smaku kurczaka",800 g,MEGA!,"https://www.rossmann.pl/Produkt/Suche/Brit-pelnoporcjowa-karma-sucha-dla-doroslych-kotow-o-smaku-kurczaka-800-g,2097047,19123",https://pro-fra-s3-productsassets.rossmann.pl/product_1_medium/2097047_360_350_1734432648.webp,"19,49 zł","100 g = 2,44 zł",29.99,19.49,Niedostępny online; Sprawdź dostępność w drogerii
409962,BUTCHER'S,"karma pełnoporcjowa mokra dla dorosłych kotów, w galaretce z kurczakiem",400 g,MEGA!,"https://www.rossmann.pl/Produkt/Mokre/Butchers-Delicious-Dinners-karma-pelnoporcjowa-mokra-dla-doroslych-kotow-w-galaretce-z-kurczakiem-,409962,19121",https://pro-fra-s3-productsassets.rossmann.pl/product_1_medium/409962_360_350_1727391786.webp,"4,79 zł","100 g = 1,20 zł",7.49,4.79,Niedostępny online; Sprawdź dostępność w drogerii
409963,BUTCHER'S,"karma pełnoporcjowa mokra dla dorosłych kotów, w galaretce, z wołowiną",400 g,MEGA!,"https://www.rossmann.pl/Produkt/Mokre/Butchers-Delicious-Dinners-karma-pelnoporcjowa-mokra-dla-doroslych-kotow-w-galaretce-z-wolowina-,409963,19121",https://pro-fra-s3-productsassets.rossmann.pl/product_1_medium/409963_360_350_1727391792.webp,"4,79 zł","100 g = 1,20 zł",7.49,4.79,Niedostępny online; Sprawdź dostępność w drogerii
394152,CESAR,"karma pełnoporcjowa mokra dla dorosłych psów, klasyczna, z cielęciną i drobiem",150 g,MEGA!,"https://www.rossmann.pl/Produkt/Mokre/Cesar-karma-pelnoporcjowa-mokra-dla-doroslych-psow-klasyczna-z-cielecina-i-drobiem-150-g,394152,19128",https://pro-fra-s3-productsassets.rossmann.pl/product_1_medium/394152_360_350_1727435675.webp,"3,99 zł","100 g = 2,66 zł",5.99,3.99,Niedostępny online; Sprawdź dostępność w drogerii
394151,CESAR,"karma pełnoporcjowa mokra dla dorosłych psów, klasyczna, z wołowiną i wątróbką",150 g,MEGA!,"https://www.rossmann.pl/Produkt/Mokre/Cesar-karma-pelnoporcjowa-mokra-dla-doroslych-psow-klasyczna-z-wolowina-i-watrobka-150-g,394151,19128",https://pro-fra-s3-productsassets.rossmann.pl/product_1_medium/394151_360_350_1727435659.webp,"3,99 zł","100 g = 2,66 zł",5.99,3.99,Niedostępny online; Sprawdź dostępność w drogerii
2096983,DOGWAY,"smaczki dla małego psa, pałeczki wołowo-drobiowe",50 g,MEGA!,"https://www.rossmann.pl/Produkt/Przysmaki/DogWay-Chelsea-smaczki-dla-malego-psa-paleczki-wolowo-drobiowe-50-g,2096983,19130",https://pro-fra-s3-productsassets.rossmann.pl/product_1_medium/2096983_360_350_1733740660.webp,"3,99 zł","100 g = 7,98 zł",5.99,3.99,Niedostępny online; Sprawdź dostępność w drogerii
2096984,DOGWAY,"karma uzupełniająca dla psów, filet z piersi kaczej",50 g,MEGA!,"https://www.rossmann.pl/Produkt/Przysmaki/DogWay-Meaty-Snack-karma-uzupelniajaca-dla-psow-filet-z-piersi-kaczej-50-g,2096984,19130",https://pro-fra-s3-productsassets.rossmann.pl/product_1_medium/2096984_360_350_1732276312.webp,"6,49 zł","100 g = 12,98 zł",9.99,6.49,Niedostępny online; Sprawdź dostępność w drogerii
371679,DOLINA NOTECI,"karma pełnoporcjowa mokra dla dorosłych psów, z bażantem, dynią i makaronem",100 g,MEGA!,"https://www.rossmann.pl/Produkt/Mokre/Dolina-Noteci-Premium-Dla-Malych-Ras-karma-pelnoporcjowa-mokra-dla-doroslych-psow-z-bazantem-dynia,371679,19128",https://pro-fra-s3-productsassets.rossmann.pl/product_1_medium/371679_360_350_1727370719.webp,"4,19 zł","100 g = 4,19 zł",6.49,4.19,Niedostępny online; Sprawdź dostępność w drogerii
371678,DOLINA NOTECI,"karma pełnoporcjowa mokra dla dorosłych psów, z cielęciną, pomidorami i makaronem",100 g,MEGA!,"https://www.rossmann.pl/Produkt/Mokre/Dolina-Noteci-Premium-Dla-Malych-Ras-karma-pelnoporcjowa-mokra-dla-doroslych-psow-z-cielecina-pomi,371678,19128",https://pro-fra-s3-productsassets.rossmann.pl/product_1_medium/371678_360_350_1727370731.webp,"4,19 zł","100 g = 4,19 zł",6.49,4.19,Niedostępny online; Sprawdź dostępność w drogerii
371677,DOLINA NOTECI,"karma pełnoporcjowa mokra dla dorosłych psów, z gęsią, ziemniakami i jabłkiem",100 g,MEGA!,"https://www.rossmann.pl/Produkt/Mokre/Dolina-Noteci-Premium-Dla-Malych-Ras-karma-pelnoporcjowa-mokra-dla-doroslych-psow-z-gesia-ziemniak,371677,19128",https://pro-fra-s3-productsassets.rossmann.pl/product_1_medium/371677_360_350_1727370696.webp,"4,19 zł","100 g = 4,19 zł",6.49,4.19,Niedostępny online; Sprawdź dostępność w drogerii
371676,DOLINA NOTECI,"karma pełnoporcjowa mokra dla dorosłych psów, z królikiem, fasolką i ryżem brązowym",100 g,MEGA!,"https://www.rossmann.pl/Produkt/Mokre/Dolina-Noteci-Premium-Dla-Malych-Ras-karma-pelnoporcjowa-mokra-dla-doroslych-psow-z-krolikiem-faso,371676,19128",https://pro-fra-s3-productsassets.rossmann.pl/product_1_medium/371676_360_350_1727370692.webp,"4,19 zł","100 g = 4,19 zł",6.49,4.19,Niedostępny online; Sprawdź dostępność w drogerii
381290,DOLINA NOTECI,"karma pełnoporcjowa mokra dla kociąt, danie z dorsza z sardynką, 3m+",85 g,,"https://www.rossmann.pl/Produkt/Mokre/Dolina-Noteci-Premium-Junior-karma-pelnoporcjowa-mokra-dla-kociat-danie-z-dorsza-z-sardynka-3m-8,381290,19121",https://pro-fra-s3-productsassets.rossmann.pl/product_1_medium/381290_360_350_1727371867.webp,"5,19 zł","100 g = 6,11 zł",6.49,5.19,Niedostępny online; Sprawdź dostępność w drogerii
371693,DOLINA NOTECI,"karma pełnoporcjowa mokra dla dorosłych kotów, Danie z kaczki",85 g,,"https://www.rossmann.pl/Produkt/Mokre/Dolina-Noteci-Premium-Sterilised-karma-pelnoporcjowa-mokra-dla-doroslych-kotow-Danie-z-kaczki-85-g,371693,19121",https://pro-fra-s3-productsassets.rossmann.pl/product_1_medium/371693_360_350_1727369316.webp,"5,19 zł","100 g = 6,11 zł",6.49,5.19,Niedostępny online; Sprawdź dostępność w drogerii
371692,DOLINA NOTECI,"karma pełnoporcjowa mokra dla dorosłych kotów, Danie z wołowiny",85 g,,"https://www.rossmann.pl/Produkt/Mokre/Dolina-Noteci-Premium-Sterilised-karma-pelnoporcjowa-mokra-dla-doroslych-kotow-Danie-z-wolowiny-85,371692,19121",https://pro-fra-s3-productsassets.rossmann.pl/product_1_medium/371692_360_350_1727369307.webp,"5,19 zł","100 g = 6,11 zł",6.49,5.19,Niedostępny online; Sprawdź dostępność w drogerii
371691,DOLINA NOTECI,"karma pełnoporcjowa mokra dla dorosłych kotów, Bogata w cielęcinę",185 g,,"https://www.rossmann.pl/Produkt/Mokre/Dolina-Noteci-Premium-karma-pelnoporcjowa-mokra-dla-doroslych-kotow-Bogata-w-cielecine-185-g,371691,19121",https://pro-fra-s3-productsassets.rossmann.pl/product_1_medium/371691_360_350_1727369265.webp,"6,39 zł","100 g = 3,45 zł",7.99,6.39,Niedostępny online; Sprawdź dostępność w drogerii
371689,DOLINA NOTECI,"karma pełnoporcjowa mokra dla dorosłych kotów, Bogata w kaczkę",185 g,,"https://www.rossmann.pl/Produkt/Mokre/Dolina-Noteci-Premium-karma-pelnoporcjowa-mokra-dla-doroslych-kotow-Bogata-w-kaczke-185-g,371689,19121",https://pro-fra-s3-productsassets.rossmann.pl/product_1_medium/371689_360_350_1727369269.webp,"6,39 zł","100 g = 3,45 zł",7.99,6.39,Niedostępny online; Sprawdź dostępność w drogerii
371695,DOLINA NOTECI,"karma pełnoporcjowa mokra dla dorosłych kotów, Danie z królika",85 g,,"https://www.rossmann.pl/Produkt/Mokre/Dolina-Noteci-Premium-karma-pelnoporcjowa-mokra-dla-doroslych-kotow-Danie-z-krolika-85-g,371695,19121",https://pro-fra-s3-productsassets.rossmann.pl/product_1_medium/371695_360_350_1727369328.webp,"5,19 zł","100 g = 6,11 zł",6.49,5.19,Niedostępny online; Sprawdź dostępność w drogerii
371694,DOLINA NOTECI,"karma pełnoporcjowa mokra dla dorosłych kotów, Danie z tuńczyka",85 g,,"https://www.rossmann.pl/Produkt/Mokre/Dolina-Noteci-Premium-karma-pelnoporcjowa-mokra-dla-doroslych-kotow-Danie-z-tunczyka-85-g,371694,19121",https://pro-fra-s3-productsassets.rossmann.pl/product_1_medium/371694_360_350_1727369311.webp,"5,19 zł","100 g = 6,11 zł",6.49,5.19,Niedostępny online; Sprawdź dostępność w drogerii
2081857,FROLIC,karma sucha z wołowiną,800 g,,"https://www.rossmann.pl/Produkt/Suche/Frolic-karma-sucha-z-wolowina-800-g,2081857,19129",https://pro-fra-s3-productsassets.rossmann.pl/product_1_medium/2081857_360_350_1727387238.webp,"14,99 zł","100 g = 1,87 zł",19.99,14.99,Niedostępny online; Sprawdź dostępność w drogerii
2097012,GREEN PETFOOD,karma sucha dla psów ze skłonnością do alergii,900 g,MEGA!,"https://www.rossmann.pl/Produkt/Suche/Green-Petfood-Insect-Dog-karma-sucha-dla-psow-ze-sklonnoscia-do-alergii-900-g,2097012,19129",https://pro-fra-s3-productsassets.rossmann.pl/product_7_medium/2097012_360_350_1732534210.webp,"19,49 zł","100 g = 2,17 zł",29.99,19.49,Niedostępny online; Sprawdź dostępność w drogerii
2097013,GREEN PETFOOD,przysmaki/gryzaki dentystyczne dla psa,180 g,NOWE,"https://www.rossmann.pl/Produkt/Przysmaki/Green-Petfood-Insect-Dog-przysmaki-gryzaki-dentystyczne-dla-psa-180-g,2097013,19130",https://pro-fra-s3-productsassets.rossmann.pl/product_7_medium/2097013_360_350_1732534242.webp,"8,79 zł","100 g = 4,88 zł",10.99,8.79,Niedostępny online; Sprawdź dostępność w drogerii
2097019,INABA CIAO,kremowy przysmak dla kotów o smaku kurczaka,4 x 14 g,MEGA!,"https://www.rossmann.pl/Produkt/Przysmaki/Inaba-Ciao-Churu-kremowy-przysmak-dla-kotow-o-smaku-kurczaka-4-x-14-g,2097019,19122",https://pro-fra-s3-productsassets.rossmann.pl/product_1_medium/2097019_360_350_1734435137.webp,"8,99 zł","100 g = 16,05 zł",13.99,8.99,Niedostępny online; Sprawdź dostępność w drogerii
2097020,INABA CIAO,kremowy przysmak dla kotów o smaku tuńczyka i łososia,4 x 14 g,MEGA!,"https://www.rossmann.pl/Produkt/Przysmaki/Inaba-Ciao-Churu-kremowy-przysmak-dla-kotow-o-smaku-tunczyka-i-lososia-4-x-14-g,2097020,19122",https://pro-fra-s3-productsassets.rossmann.pl/product_1_medium/2097020_360_350_1734435174.webp,"8,99 zł","100 g = 16,05 zł",13.99,8.99,Niedostępny online; Sprawdź dostępność w drogerii
2097021,INABA CIAO,kremowy przysmak dla kotów o smaku tuńczyka,4 x 14 g,MEGA!,"https://www.rossmann.pl/Produkt/Przysmaki/Inaba-Ciao-Churu-kremowy-przysmak-dla-kotow-o-smaku-tunczyka-4-x-14-g,2097021,19122",https://pro-fra-s3-productsassets.rossmann.pl/product_1_medium/2097021_360_350_1734435062.webp,"8,99 zł","100 g = 16,05 zł",13.99,8.99,Niedostępny online; Sprawdź dostępność w drogerii
2097026,INABA CIAO,przekąska dla kota o smaku kurczaka z nadzieniem o smaku tuńczyka,30 g,MEGA!,"https://www.rossmann.pl/Produkt/Przysmaki/Inaba-Ciao-Churu-przekaska-dla-kota-o-smaku-kurczaka-z-nadzieniem-o-smaku-tunczyka-30-g,2097026,19122",https://pro-fra-s3-productsassets.rossmann.pl/product_1_medium/2097026_360_350_1734432583.webp,"8,99 zł","100 g = 29,97 zł",13.99,8.99,Niedostępny online; Sprawdź dostępność w drogerii
2097009,JOSICAT,"sucha karma dla kota, o smaku wołowiny",650 g,MEGA!,"https://www.rossmann.pl/Produkt/Suche/JosiCat-sucha-karma-dla-kota-o-smaku-wolowiny-650-g,2097009,19123",https://pro-fra-s3-productsassets.rossmann.pl/product_7_medium/2097009_360_350_1732534225.webp,"9,99 zł","100 g = 1,54 zł",15.99,9.99,Niedostępny online; Sprawdź dostępność w drogerii
2097010,JOSIDOG,sucha karma dla psów małych ras,900 g,MEGA!,"https://www.rossmann.pl/Produkt/Suche/JosiDog-Mini-sucha-karma-dla-psow-malych-ras-900-g,2097010,19129",https://pro-fra-s3-productsassets.rossmann.pl/product_7_medium/2097010_360_350_1732534173.webp,"11,49 zł","100 g = 1,28 zł",17.99,11.49,Niedostępny online; Sprawdź dostępność w drogerii
2097011,JOSIDOG,sucha karma dla psów o lekko podwyższonym zapotrzebowaniu na energię,900 g,MEGA!,"https://www.rossmann.pl/Produkt/Suche/JosiDog-Regular-sucha-karma-dla-psow-o-lekko-podwyzszonym-zapotrzebowaniu-na-energie-900-g,2097011,19129",https://pro-fra-s3-productsassets.rossmann.pl/product_7_medium/2097011_360_350_1732534191.webp,"11,49 zł","100 g = 1,28 zł",17.99,11.49,Niedostępny online; Sprawdź dostępność w drogerii
314775,OPTYMALNA DIETA,"karma pełnoporcjowa sucha dla dorosłych kotów niewychodzacych z domu, Indyk",750 g,,"https://www.rossmann.pl/Produkt/Suche/Optymalna-Dieta-Indoor-karma-pelnoporcjowa-sucha-dla-doroslych-kotow-niewychodzacych-z-domu-Indyk-,314775,19123",https://pro-fra-s3-productsassets.rossmann.pl/product_1_medium/314775_360_350_1727355238.webp,"11,79 zł","100 g = 1,57 zł",14.99,11.79,Niedostępny online; Sprawdź dostępność w drogerii
2105473,PEDIGREE,"karma mokra dla psa, z 3 rodzajami wołowiny, jagnięciny i kurczaka w musie",400 g,,"https://www.rossmann.pl/Produkt/Mokre/Pedigree-Adult-karma-mokra-dla-psa-z-3-rodzajami-wolowiny-jagnieciny-i-kurczaka-w-musie-400-g,2105473,19128",https://pro-fra-s3-productsassets.rossmann.pl/product_1_medium/2105473_360_350_1743756346.webp,"6,39 zł","100 g = 1,60 zł",7.99,6.39,Niedostępny online; Sprawdź dostępność w drogerii
2105474,PEDIGREE,"mokra karma dla psa, z wołowina i wątróbką, z kurczakiem, z rybą, z drobiem, w galaretce",12x100 g,,"https://www.rossmann.pl/Produkt/Mokre/Pedigree-Adult-mokra-karma-dla-psa-z-wolowina-i-watrobka-z-kurczakiem-z-ryba-z-drobiem-w-galare,2105474,19128",https://pro-fra-s3-productsassets.rossmann.pl/product_1_medium/2105474_360_350_1743773154.webp,"17,99 zł","100 g = 1,50 zł",22.49,17.99,Niedostępny online; Sprawdź dostępność w drogerii
120810,PEDIGREE,"karma uzupełniająca dla psów powyżej 4 miesiąca, 10-25 kg",180 g,MEGA!,"https://www.rossmann.pl/Produkt/Przysmaki/Pedigree-DentaStix-karma-uzupelniajaca-dla-psow-powyzej-4-miesiaca-10-25-kg-180-g,120810,19130",https://pro-fra-s3-productsassets.rossmann.pl/product_1_medium/120810_360_350_1727289071.webp,"7,99 zł","100 g = 4,44 zł",11.99,7.99,Niedostępny online; Sprawdź dostępność w drogerii
172524,PEDIGREE,"karma uzupełniająca dla psów powyżej 4 miesiąca, 25 kg",270 g,MEGA!,"https://www.rossmann.pl/Produkt/Przysmaki/Pedigree-DentaStix-karma-uzupelniajaca-dla-psow-powyzej-4-miesiaca-25-kg-270-g,172524,19130",https://pro-fra-s3-productsassets.rossmann.pl/product_1_medium/172524_360_350_1727343646.webp,"9,99 zł","100 g = 3,70 zł",14.99,9.99,Niedostępny online; Sprawdź dostępność w drogerii
172520,PEDIGREE,"karma uzupełniająca dla psów powyżej 4 miesiąca, 5-10 kg",110 g,MEGA!,"https://www.rossmann.pl/Produkt/Przysmaki/Pedigree-DentaStix-karma-uzupelniajaca-dla-psow-powyzej-4-miesiaca-5-10-kg-110-g,172520,19130",https://pro-fra-s3-productsassets.rossmann.pl/product_1_medium/172520_360_350_1727343609.webp,"5,99 zł","100 g = 5,45 zł",8.99,5.99,Niedostępny online; Sprawdź dostępność w drogerii
4377,PEDIGREE,"karma pełnoporcjowa mokra dla dorosłych psów, z wołowiną w galaretce",400 g,,"https://www.rossmann.pl/Produkt/Mokre/Pedigree-karma-pelnoporcjowa-mokra-dla-doroslych-psow-z-wolowina-w-galaretce-400-g,4377,19128",https://pro-fra-s3-productsassets.rossmann.pl/product_1_medium/4377_360_350_1727274617.webp,"5,99 zł","100 g = 1,50 zł",7.99,5.99,Niedostępny online; Sprawdź dostępność w drogerii
381295,PEDIGREE,"karma pełnoporcjowa mokra dla szczeniąt, 3x z kurczakiem i ryżem, 3x z jagnięciną i ryżem, 3x z drobiem i ryżem, 3x z wołowiną i ryżem",12 x100 g,,"https://www.rossmann.pl/Produkt/Mokre/Pedigree-Vital-Protection-Junior-karma-pelnoporcjowa-mokra-dla-szczeniat-3x-z-kurczakiem-i-ryzem-3,381295,19128",https://pro-fra-s3-productsassets.rossmann.pl/product_1_medium/381295_360_350_1727440820.webp,"17,99 zł","100 g = 1,50 zł",22.49,17.99,Niedostępny online; Sprawdź dostępność w drogerii
2105468,PERFECT FIT,"mokra karma dla dorosłych kotów sterylizowanych, z kurczakiem i z wołowiną",4x85 g,,"https://www.rossmann.pl/Produkt/Mokre/Perfect-Fit-Adult-1-mokra-karma-dla-doroslych-kotow-sterylizowanych-z-kurczakiem-i-z-wolowina-4x8,2105468,19121",https://pro-fra-s3-productsassets.rossmann.pl/product_1_medium/2105468_360_350_1744015977.webp,"10,49 zł","100 g = 3,09 zł",12.99,10.49,Niedostępny online; Sprawdź dostępność w drogerii
2105467,PERFECT FIT,"mokra karma dla kotów po zabiegu kastracji, z kurczakiem i z łososiem",4x85 g,,"https://www.rossmann.pl/Produkt/Mokre/Perfect-Fit-Sensitive-1-mokra-karma-dla-kotow-po-zabiegu-kastracji-z-kurczakiem-i-z-lososiem-4x85,2105467,19121",https://pro-fra-s3-productsassets.rossmann.pl/product_1_medium/2105467_360_350_1744015995.webp,"10,49 zł","100 g = 3,09 zł",12.99,10.49,Niedostępny online; Sprawdź dostępność w drogerii
2080927,PROPESKO,"miękkie kostki z kaczką, dla psów",90 g,,"https://www.rossmann.pl/Produkt/Przysmaki/Propesko-Mistr-miekkie-kostki-z-kaczka-dla-psow-90-g,2080927,19130",https://pro-fra-s3-productsassets.rossmann.pl/product_7_medium/2080927_360_350_1727473713.webp,"5,59 zł","100 g = 6,21 zł",6.99,5.59,Niedostępny online; Sprawdź dostępność w drogerii
2080926,PROPESKO,"miękkie kostki z wołowiną, dla psa",90 g,,"https://www.rossmann.pl/Produkt/Przysmaki/Propesko-Mistr-miekkie-kostki-z-wolowina-dla-psa-90-g,2080926,19130",https://pro-fra-s3-productsassets.rossmann.pl/product_7_medium/2080926_360_350_1727473667.webp,"5,59 zł","100 g = 6,21 zł",6.99,5.59,Niedostępny online; Sprawdź dostępność w drogerii
177193,PURINA FELIX,"karma uzupełniająca dla dorosłych kotów, o smaku wołowiny, kurczaka i łososia",60 g,,"https://www.rossmann.pl/Produkt/Przysmaki/Purina-Felix-Party-Mix-Mixed-Grill-karma-uzupelniajaca-dla-doroslych-kotow-o-smaku-wolowiny-kurcza,177193,19122",https://pro-fra-s3-productsassets.rossmann.pl/product_1_medium/177193_360_350_1747641415.webp,"4,79 zł","100 g = 7,98 zł",5.99,4.79,Niedostępny online; Sprawdź dostępność w drogerii
177192,PURINA FELIX,"karma uzupełniająca dla dorosłych kotów, o smaku łososia morskiego i pstrąga",60 g,,"https://www.rossmann.pl/Produkt/Przysmaki/Purina-Felix-Party-Mix-Ocean-Mix-karma-uzupelniajaca-dla-doroslych-kotow-o-smaku-lososia-morskiego-,177192,19122",https://pro-fra-s3-productsassets.rossmann.pl/product_1_medium/177192_360_350_1747641482.webp,"4,79 zł","100 g = 7,98 zł",5.99,4.79,Niedostępny online; Sprawdź dostępność w drogerii
177191,PURINA FELIX,"karma uzupełniająca dla dorosłych kotów, o smaku kurczaka, wątróbki i indyka",60 g,,"https://www.rossmann.pl/Produkt/Przysmaki/Purina-Felix-Party-Mix-Original-Mix-karma-uzupelniajaca-dla-doroslych-kotow-o-smaku-kurczaka-watro,177191,19122",https://pro-fra-s3-productsassets.rossmann.pl/product_1_medium/177191_360_350_1747641449.webp,"4,79 zł","100 g = 7,98 zł",5.99,4.79,Niedostępny online; Sprawdź dostępność w drogerii
2014184,PURINA FELIX,"pełnoporcjowa karma sucha dla dorosłych kotów, z łososiem i warzywami",1 kg,MEGA!,"https://www.rossmann.pl/Produkt/Suche/Purina-Felix-pelnoporcjowa-karma-sucha-dla-doroslych-kotow-z-lososiem-i-warzywami-1-kg,2014184,19123",https://pro-fra-s3-productsassets.rossmann.pl/product_1_medium/2014184_360_350_1748506289.webp,"14,99 zł","1 kg = 14,99 zł",22.49,14.99,Niedostępny online; Sprawdź dostępność w drogerii
2014182,PURINA FELIX,"pełnoporcjowa karma sucha dla dorosłych kotów Wołowina, Kurczak, Warzywami,",1 kg,MEGA!,"https://www.rossmann.pl/Produkt/Suche/Purina-Felix-Sensations-Countryside-pelnoporcjowa-karma-sucha-dla-doroslych-kotow-Wolowina-Kurczak-,2014182,19123",https://pro-fra-s3-productsassets.rossmann.pl/product_1_medium/2014182_360_350_1748506089.webp,"14,99 zł","1 kg = 14,99 zł",22.49,14.99,Niedostępny online; Sprawdź dostępność w drogerii
2014183,PURINA FELIX,"pełnoporcjowa karma sucha dla dorosłych kotów,  Kurczak, Indyk, Warzywa,",1 kg,MEGA!,"https://www.rossmann.pl/Produkt/Suche/Purina-Felix-Sensations-Farmhouse-pelnoporcjowa-karma-sucha-dla-doroslych-kotow-Kurczak-Indyk-Wa,2014183,19123",https://pro-fra-s3-productsassets.rossmann.pl/product_1_medium/2014183_360_350_1748506323.webp,"14,99 zł","1 kg = 14,99 zł",22.49,14.99,Niedostępny online; Sprawdź dostępność w drogerii
183735,PURINA ONE,karma pełnoporcjowa sucha dla dorosłych kotów z kurczakiem i pełnymi ziarnami,800 g,MEGA!,"https://www.rossmann.pl/Produkt/Suche/Purina-One-Coat-Hairball-karma-pelnoporcjowa-sucha-dla-doroslych-kotow-z-kurczakiem-i-pelnymi-ziar,183735,19123",https://pro-fra-s3-productsassets.rossmann.pl/product_1_medium/183735_360_350_1747641510.webp,"16,99 zł","100 g = 2,12 zł",24.99,16.99,Niedostępny online; Sprawdź dostępność w drogerii
117609,PURINA ONE,"karma pełnoporcjowa sucha dla kotów przebywająych w domu, z indykiem i pełnym ziarnem",800 g,MEGA!,"https://www.rossmann.pl/Produkt/Suche/Purina-One-Indoor-Formula-karma-pelnoporcjowa-sucha-dla-kotow-przebywajaych-w-domu-z-indykiem-i-pel,117609,19123",https://pro-fra-s3-productsassets.rossmann.pl/product_1_medium/117609_360_350_1748506060.webp,"16,99 zł","100 g = 2,12 zł",24.99,16.99,Niedostępny online; Sprawdź dostępność w drogerii
137675,PURINA ONE,karma pełnoporcjowa sucha dla kociąt z kurczakiem,800 g,MEGA!,"https://www.rossmann.pl/Produkt/Suche/Purina-One-Junior-1-12-karma-pelnoporcjowa-sucha-dla-kociat-z-kurczakiem-800-g,137675,19123",https://pro-fra-s3-productsassets.rossmann.pl/product_1_medium/137675_360_350_1727311807.webp,"16,99 zł","100 g = 2,12 zł",24.99,16.99,Niedostępny online; Sprawdź dostępność w drogerii
117608,PURINA ONE,"karma pełnoporcjowa sucha dla kotów sterylizowanych i kastrowanych, z wołowiną i pszenicą",800 g,MEGA!,"https://www.rossmann.pl/Produkt/Suche/Purina-One-Sterilcat-karma-pelnoporcjowa-sucha-dla-kotow-sterylizowanych-i-kastrowanych-z-wolowina-,117608,19123",https://pro-fra-s3-productsassets.rossmann.pl/product_1_medium/117608_360_350_1727323244.webp,"16,99 zł","100 g = 2,12 zł",24.99,16.99,Niedostępny online; Sprawdź dostępność w drogerii
2096993,PURINA ONE,"karma pełnoporcjowa sucha dla kotów sterylizowanych i kastrowanych, z łososiem i pszenicą",800 g,MEGA!,"https://www.rossmann.pl/Produkt/Suche/Purina-One-Sterilcat-karma-pelnoporcjowa-sucha-dla-kotow-sterylizowanych-i-kastrowanych-z-lososiem-,2096993,19123",https://pro-fra-s3-productsassets.rossmann.pl/product_1_medium/2096993_360_350_1730710989.webp,"16,99 zł","100 g = 2,12 zł",24.99,16.99,Niedostępny online; Sprawdź dostępność w drogerii
357014,SHEBA,"karma pełnoporcjowa mokra dla dorosłych kotów, Koktajl drobiowy",85 g,MEGA!,"https://www.rossmann.pl/Produkt/Mokre/Sheba-Classics-in-Pastete-karma-pelnoporcjowa-mokra-dla-doroslych-kotow-Koktajl-drobiowy-85-g,357014,19121",https://pro-fra-s3-productsassets.rossmann.pl/product_1_medium/357014_360_350_1727388618.webp,"1,99 zł","100 g = 2,34 zł",3.49,1.99,Niedostępny online; Sprawdź dostępność w drogerii
357017,SHEBA,"karma pełnoporcjowa mokra dla dorosłych kotów, z wołowiną",85 g,MEGA!,"https://www.rossmann.pl/Produkt/Mokre/Sheba-Classics-in-Pastete-karma-pelnoporcjowa-mokra-dla-doroslych-kotow-z-wolowina-85-g,357017,19121",https://pro-fra-s3-productsassets.rossmann.pl/product_1_medium/357017_360_350_1727432203.webp,"1,99 zł","100 g = 2,34 zł",3.49,1.99,Niedostępny online; Sprawdź dostępność w drogerii
357015,SHEBA,"karma pełnoporcjowa mokra dla dorosłych kotów, z łososiem",85 g,MEGA!,"https://www.rossmann.pl/Produkt/Mokre/Sheba-Classics-in-Pastete-karma-pelnoporcjowa-mokra-dla-doroslych-kotow-z-lososiem-85-g,357015,19121",https://pro-fra-s3-productsassets.rossmann.pl/product_1_medium/357015_360_350_1727432181.webp,"1,99 zł","100 g = 2,34 zł",3.49,1.99,Niedostępny online; Sprawdź dostępność w drogerii
202201,SHEBA,"karma pełnoporcjowa mokra dla dorosłych kotów, z kurczakiem, z drobiem, z indykiem",6 x 50g,,"https://www.rossmann.pl/Produkt/Mokre/Sheba-Fresh-Fine-in-Sauce-karma-pelnoporcjowa-mokra-dla-doroslych-kotow-z-kurczakiem-z-drobiem-,202201,19121",https://pro-fra-s3-productsassets.rossmann.pl/product_1_medium/202201_360_350_1727340049.webp,"10,99 zł","100 g = 3,66 zł",13.49,10.99,Niedostępny online; Sprawdź dostępność w drogerii
2106345,SHEBA,"mokra karma dla kota, w saszetkach, 3 smaki: z wołowiną, z kurczakiem, z jagnięciną, w sosie",300 g,,"https://www.rossmann.pl/Produkt/Mokre/Sheba-Fresh-Fine-mokra-karma-dla-kota-w-saszetkach-3-smaki-z-wolowina-z-kurczakiem-z-jagnieci,2106345,19121",https://pro-fra-s3-productsassets.rossmann.pl/product_1_medium/2106345_360_350_1743766105.webp,"10,99 zł","100 g = 3,66 zł",13.49,10.99,Niedostępny online; Sprawdź dostępność w drogerii
394963,SHEBA,karma pełnoporcjowa mokra dla dorosłych kotów,300 g,,"https://www.rossmann.pl/Produkt/Mokre/Sheba-Fresh-Cuisine-karma-pelnoporcjowa-mokra-dla-doroslych-kotow-300-g,394963,19121",https://pro-fra-s3-productsassets.rossmann.pl/product_1_medium/394963_360_350_1727473175.webp,"10,99 zł","100 g = 3,66 zł",13.49,10.99,Niedostępny online; Sprawdź dostępność w drogerii
2071930,SHEBA,"karma pełnoporcjowa mokra dla dorosłych kotów, pasztet z dziczyzny",85 g,MEGA!,"https://www.rossmann.pl/Produkt/Mokre/Sheba-karma-pelnoporcjowa-mokra-dla-doroslych-kotow-pasztet-z-dziczyzny-85-g,2071930,19121",https://pro-fra-s3-productsassets.rossmann.pl/product_1_medium/2071930_360_350_1727454498.webp,"1,99 zł","100 g = 2,34 zł",3.49,1.99,Niedostępny online; Sprawdź dostępność w drogerii
2071932,SHEBA,"karma pełnoporcjowa mokra dla dorosłych kotów, pasztet z kaczki i kurczaka",85 g,MEGA!,"https://www.rossmann.pl/Produkt/Mokre/Sheba-karma-pelnoporcjowa-mokra-dla-doroslych-kotow-pasztet-z-kaczki-i-kurczaka-85-g,2071932,19121",https://pro-fra-s3-productsassets.rossmann.pl/product_1_medium/2071932_360_350_1743760204.webp,"1,99 zł","100 g = 2,34 zł",3.49,1.99,Niedostępny online; Sprawdź dostępność w drogerii
2071931,SHEBA,"karma pełnoporcjowa mokra dla dorosłych kotów, z cielęciną",85 g,MEGA!,"https://www.rossmann.pl/Produkt/Mokre/Sheba-karma-pelnoporcjowa-mokra-dla-doroslych-kotow-z-cielecina-85-g,2071931,19121",https://pro-fra-s3-productsassets.rossmann.pl/product_1_medium/2071931_360_350_1727473172.webp,"1,99 zł","100 g = 2,34 zł",3.49,1.99,Niedostępny online; Sprawdź dostępność w drogerii
357023,SHEBA,"karma pełnoporcjowa mokra dla dorosłych kotów, z królikiem i warzywami",85 g,MEGA!,"https://www.rossmann.pl/Produkt/Mokre/Sheba-karma-pelnoporcjowa-mokra-dla-doroslych-kotow-z-krolikiem-i-warzywami-85-g,357023,19121",https://pro-fra-s3-productsassets.rossmann.pl/product_1_medium/357023_360_350_1743766128.webp,"1,99 zł","100 g = 2,34 zł",3.49,1.99,Niedostępny online; Sprawdź dostępność w drogerii
2097076,SHEBA,"mokra karma pełnoporcjowa dla dorosłych kotów, z tuńczykiem",85 g,MEGA!,"https://www.rossmann.pl/Produkt/Mokre/Sheba-Sauce-Collection-mokra-karma-pelnoporcjowa-dla-doroslych-kotow-z-tunczykiem-85-g,2097076,19121",https://pro-fra-s3-productsassets.rossmann.pl/product_1_medium/2097076_360_350_1732270537.webp,"1,99 zł","100 g = 2,34 zł",3.49,1.99,Niedostępny online; Sprawdź dostępność w drogerii
357022,SHEBA,"karma pełnoporcjowa mokra dla dorosłych kotów, z indykiem i warzywami",85 g,MEGA!,"https://www.rossmann.pl/Produkt/Mokre/Sheba-Sauce-Speciale-karma-pelnoporcjowa-mokra-dla-doroslych-kotow-z-indykiem-i-warzywami-85-g,357022,19121",https://pro-fra-s3-productsassets.rossmann.pl/product_1_medium/357022_360_350_1727432249.webp,"1,99 zł","100 g = 2,34 zł",3.49,1.99,Niedostępny online; Sprawdź dostępność w drogerii
2080575,SHELMA,"uzupełniająca karma dla kotów, bezzbożowe poduszeczki z kurczakiem i jagodami",60 g,,"https://www.rossmann.pl/Produkt/Przysmaki/Shelma-Plus-Anti-Hairball-uzupelniajaca-karma-dla-kotow-bezzbozowe-poduszeczki-z-kurczakiem-i-jagod,2080575,19122",https://pro-fra-s3-productsassets.rossmann.pl/product_7_medium/2080575_360_350_1727473744.webp,"4,19 zł","100 g = 6,98 zł",5.29,4.19,Niedostępny online; Sprawdź dostępność w drogerii
401061,SUPER BENEK,żwirek zbrylający dla kotów,5 l,,"https://www.rossmann.pl/Produkt/Akcesoria/Super-Benek-Optimum-Line-zwirek-zbrylajacy-dla-kotow-5-l,401061,19125",https://pro-fra-s3-productsassets.rossmann.pl/product_1_medium/401061_360_350_1743760786.webp,"14,79 zł","1 l = 2,96 zł",18.99,14.79,Niedostępny online; Sprawdź dostępność w drogerii
421014,WHISKAS,"mokra karma pełnoporcjowa dla starszych kotów, z kurczakiem, z indykiem",340 g,MEGA!,"https://www.rossmann.pl/Produkt/Mokre/Whiskas-7-lat-mokra-karma-pelnoporcjowa-dla-starszych-kotow-z-kurczakiem-z-indykiem-340-g,421014,19121",https://pro-fra-s3-productsassets.rossmann.pl/product_1_medium/421014_360_350_1727383229.webp,"5,99 zł","100 g = 1,76 zł",8.99,5.99,Niedostępny online; Sprawdź dostępność w drogerii
421013,WHISKAS,"mokra karma dla kociąt, wołowina, kurczak",340 g,MEGA!,"https://www.rossmann.pl/Produkt/Mokre/Whiskas-Junior-mokra-karma-dla-kociat-wolowina-kurczak-340-g,421013,19121",https://pro-fra-s3-productsassets.rossmann.pl/product_1_medium/421013_360_350_1727383222.webp,"5,99 zł","100 g = 1,76 zł",8.99,5.99,Niedostępny online; Sprawdź dostępność w drogerii
2071911,WHISKAS,"puszka kurczak w galarecie, kaczka",1 600 g,,"https://www.rossmann.pl/Produkt/Mokre/Whiskas-puszka-kurczak-w-galarecie-kaczka-1 600-g,2071911,19121",https://pro-fra-s3-productsassets.rossmann.pl/product_1_medium/2071911_360_350_1727473178.webp,"19,99 zł","100 g = 1,25 zł",24.99,19.99,Niedostępny online; Sprawdź dostępność w drogerii
421011,WHISKAS,"mokra karma dla dorosłych kotów, jagnięcina, kurczak, marchewka, wołowina, drób",4x85 g,MEGA!,"https://www.rossmann.pl/Produkt/Mokre/Whiskas-Tasty-Mix-mokra-karma-dla-doroslych-kotow-jagniecina-kurczak-marchewka-wolowina-drob-4x,421011,19121",https://pro-fra-s3-productsassets.rossmann.pl/product_1_medium/421011_360_350_1727383028.webp,"5,99 zł","100 g = 1,76 zł",8.99,5.99,Niedostępny online; Sprawdź dostępność w drogerii
421010,WHISKAS,"mokra karma pełnoporcjowa dla dorosłych kotów, kurczak i warzywa, jagnięcina i indyk",4x85 g,MEGA!,"https://www.rossmann.pl/Produkt/Mokre/Whiskas-Tasty-Mix-mokra-karma-pelnoporcjowa-dla-doroslych-kotow-kurczak-i-warzywa-jagniecina-i-ind,421010,19121",https://pro-fra-s3-productsassets.rossmann.pl/product_1_medium/421010_360_350_1727382010.webp,"5,99 zł","100 g = 1,76 zł",8.99,5.99,Niedostępny online; Sprawdź dostępność w drogerii
2103182,WINSTON,karma pełnoporcjowa dla psów dorosłych z jagnięciną i kurczakiem oraz marchewką i makaronem,400 g,,"https://www.rossmann.pl/Produkt/Mokre/Winston-Gourmet-Food-karma-pelnoporcjowa-dla-psow-doroslych-z-jagniecina-i-kurczakiem-oraz-marchewka,2103182,19128",https://pro-fra-s3-productsassets.rossmann.pl/product_1_medium/2103182_360_350_1734430930.webp,"3,39 zł","100 g = 0,85 zł",3.69,3.39,Niedostępny online; Sprawdź dostępność w drogerii
156640,WINSTON,"karma pełnoporcjowa mokra dla szczeniąt, z drobiem i ryżem",150 g,,"https://www.rossmann.pl/Produkt/Mokre/Winston-Junior-karma-pelnoporcjowa-mokra-dla-szczeniat-z-drobiem-i-ryzem-150-g,156640,19128",https://pro-fra-s3-productsassets.rossmann.pl/product_1_medium/156640_360_350_1733495855.webp,"1,99 zł","100 g = 1,33 zł",2.59,1.99,Niedostępny online; Sprawdź dostępność w drogerii
156676,WINSTON,"karma pełnoporcjowa mokra dla szczeniąt, z drobiem",400 g,,"https://www.rossmann.pl/Produkt/Mokre/Winston-Junior-karma-pelnoporcjowa-mokra-dla-szczeniat-z-drobiem-400-g,156676,19128",https://pro-fra-s3-productsassets.rossmann.pl/product_1_medium/156676_360_350_1727479425.webp,"3,39 zł","100 g = 0,85 zł",3.69,3.39,Niedostępny online; Sprawdź dostępność w drogerii
164073,WINSTON,"karma pełnoporcjowa mokra dla dorosłych psów, psów z drobiem i makaronem",150 g,,"https://www.rossmann.pl/Produkt/Mokre/Winston-karma-pelnoporcjowa-mokra-dla-doroslych-psow-psow-z-drobiem-i-makaronem-150-g,164073,19128",https://pro-fra-s3-productsassets.rossmann.pl/product_1_medium/164073_360_350_1733495200.webp,"1,99 zł","100 g = 1,33 zł",2.59,1.99,Niedostępny online; Sprawdź dostępność w drogerii
156705,WINSTON,"karma pełnoporcjowa mokra dla dorosłych psów, z cielęciną i drobiem",150 g,,"https://www.rossmann.pl/Produkt/Mokre/Winston-karma-pelnoporcjowa-mokra-dla-doroslych-psow-z-cielecina-i-drobiem-150-g,156705,19128",https://pro-fra-s3-productsassets.rossmann.pl/product_1_medium/156705_360_350_1742291582.webp,"1,99 zł","100 g = 1,33 zł",2.59,1.99,Niedostępny online; Sprawdź dostępność w drogerii
297084,WINSTON,"karma pełnoporcjowa mokra dla dorosłych psów, z dziczyzną i sercami",150 g,,"https://www.rossmann.pl/Produkt/Mokre/Winston-karma-pelnoporcjowa-mokra-dla-doroslych-psow-z-dziczyzna-i-sercami-150-g,297084,19128",https://pro-fra-s3-productsassets.rossmann.pl/product_1_medium/297084_360_350_1733494811.webp,"1,99 zł","100 g = 1,33 zł",2.59,1.99,Niedostępny online; Sprawdź dostępność w drogerii
156712,WINSTON,"karma pełnoporcjowa mokra dla dorosłych psów, z dziczyzną",400 g,,"https://www.rossmann.pl/Produkt/Mokre/Winston-karma-pelnoporcjowa-mokra-dla-doroslych-psow-z-dziczyzna-400-g,156712,19128",https://pro-fra-s3-productsassets.rossmann.pl/product_1_medium/156712_360_350_1743585949.webp,"3,39 zł","100 g = 0,85 zł",3.69,3.39,Niedostępny online; Sprawdź dostępność w drogerii
156706,WINSTON,"karma pełnoporcjowa mokra dla dorosłych psów, z indykiem i ryżem",150 g,,"https://www.rossmann.pl/Produkt/Mokre/Winston-karma-pelnoporcjowa-mokra-dla-doroslych-psow-z-indykiem-i-ryzem-150-g,156706,19128",https://pro-fra-s3-productsassets.rossmann.pl/product_1_medium/156706_360_350_1742291982.webp,"1,99 zł","100 g = 1,33 zł",2.59,1.99,Niedostępny online; Sprawdź dostępność w drogerii
156001,WINSTON,"karma pełnoporcjowa mokra dla dorosłych psów, z jagnięciną i indykiem",150 g,,"https://www.rossmann.pl/Produkt/Mokre/Winston-karma-pelnoporcjowa-mokra-dla-doroslych-psow-z-jagniecina-i-indykiem-150-g,156001,19128",https://pro-fra-s3-productsassets.rossmann.pl/product_1_medium/156001_360_350_1733495330.webp,"1,99 zł","100 g = 1,33 zł",2.59,1.99,Niedostępny online; Sprawdź dostępność w drogerii
156686,WINSTON,"karma pełnoporcjowa mokra dla dorosłych psów, z kurczakiem i indykiem",150 g,,"https://www.rossmann.pl/Produkt/Mokre/Winston-karma-pelnoporcjowa-mokra-dla-doroslych-psow-z-kurczakiem-i-indykiem-150-g,156686,19128",https://pro-fra-s3-productsassets.rossmann.pl/product_1_medium/156686_360_350_1742291890.webp,"1,99 zł","100 g = 1,33 zł",2.59,1.99,Niedostępny online; Sprawdź dostępność w drogerii
156000,WINSTON,"karma pełnoporcjowa mokra dla dorosłych psów, z wołowiną i wątróbką",150 g,,"https://www.rossmann.pl/Produkt/Mokre/Winston-karma-pelnoporcjowa-mokra-dla-doroslych-psow-z-wolowina-i-watrobka-150-g,156000,19128",https://pro-fra-s3-productsassets.rossmann.pl/product_1_medium/156000_360_350_1733495439.webp,"1,99 zł","100 g = 1,33 zł",2.59,1.99,Niedostępny online; Sprawdź dostępność w drogerii
155995,WINSTON,"karma pełnoporcjowa mokra dla dorosłych psów, z Wołowiną, Kurczakiem, Indykiem i Wieprzowiną",400 g,,"https://www.rossmann.pl/Produkt/Mokre/Winston-karma-pelnoporcjowa-mokra-dla-doroslych-psow-z-Wolowina-Kurczakiem-Indykiem-i-Wieprzowina,155995,19128",https://pro-fra-s3-productsassets.rossmann.pl/product_1_medium/155995_360_350_1743586316.webp,"3,39 zł","100 g = 0,85 zł",3.69,3.39,Niedostępny online; Sprawdź dostępność w drogerii
2083811,WINSTON,"karma pełnoporcjowa sucha dla dorosłych kotów z drobiem, wołowiną i juką",1 kg,MEGA!,"https://www.rossmann.pl/Produkt/Suche/Winston-karma-pelnoporcjowa-sucha-dla-doroslych-kotow-z-drobiem-wolowina-i-juka-1-kg,2083811,19123",https://pro-fra-s3-productsassets.rossmann.pl/product_1_medium/2083811_360_350_1744280891.webp,"6,19 zł","1 kg = 6,19 zł",9.49,6.19,Niedostępny online; Sprawdź dostępność w drogerii
230411,WINSTON,"karma pełnoporcjowa sucha dla dorosłych psów, kąski z wołowiną i marchewką","1,5 kg",,"https://www.rossmann.pl/Produkt/Suche/Winston-karma-pelnoporcjowa-sucha-dla-doroslych-psow-kaski-z-wolowina-i-marchewka-1-5-kg,230411,19129",https://pro-fra-s3-productsassets.rossmann.pl/product_1_medium/230411_360_350_1727392663.webp,"12,99 zł","1 kg = 8,66 zł",16.99,12.99,Niedostępny online; Sprawdź dostępność w drogerii
2080039,WINSTON,"karma uzupełniająca dla dorosłych kotów, chrupiące poduszeczki nadziewane kocią trawą i kocimiętką",50 g,MEGA!,"https://www.rossmann.pl/Produkt/Przysmaki/Winston-karma-uzupelniajaca-dla-doroslych-kotow-chrupiace-poduszeczki-nadziewane-kocia-trawa-i-koci,2080039,19122",https://pro-fra-s3-productsassets.rossmann.pl/product_1_medium/2080039_360_350_1744886909.webp,"1,99 zł","100 g = 3,98 zł",3.29,1.99,Niedostępny online; Sprawdź dostępność w drogerii
158116,WINSTON,"karma uzupełniająca dla dorosłych psów, przekąski dentystyczne",203 g,MEGA!,"https://www.rossmann.pl/Produkt/Przysmaki/Winston-karma-uzupelniajaca-dla-doroslych-psow-przekaski-dentystyczne-203-g,158116,19130",https://pro-fra-s3-productsassets.rossmann.pl/product_1_medium/158116_360_350_1729261740.webp,"4,19 zł","100 g = 2,06 zł",6.49,4.19,Niedostępny online; Sprawdź dostępność w drogerii
411880,WINSTON,"karma pełnoporcjowa mokra dla dorosłych kotów, z cielęciną i indykiem",85 g,,"https://www.rossmann.pl/Produkt/Mokre/Winston-Nature-karma-pelnoporcjowa-mokra-dla-doroslych-kotow-z-cielecina-i-indykiem-85-g,411880,19121",https://pro-fra-s3-productsassets.rossmann.pl/product_1_medium/411880_360_350_1727377277.webp,"2,19 zł","100 g = 2,58 zł",2.69,2.19,Niedostępny online; Sprawdź dostępność w drogerii
411882,WINSTON,"karma pełnoporcjowa mokra dla dorosłych kotów, z kaczką i kurczakiem",85 g,,"https://www.rossmann.pl/Produkt/Mokre/Winston-Nature-karma-pelnoporcjowa-mokra-dla-doroslych-kotow-z-kaczka-i-kurczakiem-85-g,411882,19121",https://pro-fra-s3-productsassets.rossmann.pl/product_1_medium/411882_360_350_1727440288.webp,"2,19 zł","100 g = 2,58 zł",2.69,2.19,Niedostępny online; Sprawdź dostępność w drogerii
411881,WINSTON,"karma pełnoporcjowa mokra dla dorosłych kotów, z wołowiną i drobiem",85 g,,"https://www.rossmann.pl/Produkt/Mokre/Winston-Nature-karma-pelnoporcjowa-mokra-dla-doroslych-kotow-z-wolowina-i-drobiem-85-g,411881,19121",https://pro-fra-s3-productsassets.rossmann.pl/product_1_medium/411881_360_350_1727440283.webp,"2,19 zł","100 g = 2,58 zł",2.69,2.19,Niedostępny online; Sprawdź dostępność w drogerii
339874,WINSTON,"karma pełnoporcjowa mokra dla dorosłych psów, z indykiem i pasternakiem",150 g,,"https://www.rossmann.pl/Produkt/Mokre/Winston-Nature-karma-pelnoporcjowa-mokra-dla-doroslych-psow-z-indykiem-i-pasternakiem-150-g,339874,19128",https://pro-fra-s3-productsassets.rossmann.pl/product_1_medium/339874_360_350_1742291965.webp,"2,39 zł","100 g = 1,59 zł",2.99,2.39,Niedostępny online; Sprawdź dostępność w drogerii
220842,WINSTON,"pasta słodowa dla kotów, odkłaczająca, z łuskami babki płesznik",100 g,MEGA!,"https://www.rossmann.pl/Produkt/Przysmaki/Winston-pasta-slodowa-dla-kotow-odklaczajaca-z-luskami-babki-plesznik-100-g,220842,19122",https://pro-fra-s3-productsassets.rossmann.pl/product_1_medium/220842_360_350_1746017740.webp,"6,19 zł","100 g = 6,19 zł",9.49,6.19,Niedostępny online; Sprawdź dostępność w drogerii
164066,WINSTON,"karma pełnoporcjowa mokra dla dorosłych psów, powyżej 7 roku życia, z drobiem i warzywami",150 g,,"https://www.rossmann.pl/Produkt/Mokre/Winston-Senior-karma-pelnoporcjowa-mokra-dla-doroslych-psow-powyzej-7-roku-zycia-z-drobiem-i-warzy,164066,19128",https://pro-fra-s3-productsassets.rossmann.pl/product_1_medium/164066_360_350_1742291945.webp,"1,99 zł","100 g = 1,33 zł",2.59,1.99,Niedostępny online; Sprawdź dostępność w drogerii
192806,WINSTON,"karma uzupełniająca dla dorosłych kotów, z łososiem i kurczakiem",120 g,,"https://www.rossmann.pl/Produkt/Przysmaki/Winston-Snack-karma-uzupelniajaca-dla-doroslych-kotow-z-lososiem-i-kurczakiem-120-g,192806,19122",https://pro-fra-s3-productsassets.rossmann.pl/product_1_medium/192806_360_350_1727333457.webp,"6,39 zł","100 g = 5,33 zł",7.99,6.39,Niedostępny online; Sprawdź dostępność w drogerii
317925,WINSTON,żwirek zbrylający dla kotów,6 l,,"https://www.rossmann.pl/Produkt/Akcesoria/Winston-zwirek-zbrylajacy-dla-kotow-6-l,317925,19125",https://pro-fra-s3-productsassets.rossmann.pl/product_1_medium/317925_360_350_1727451722.webp,"9,49 zł","1 l = 1,58 zł",12.49,9.49,Niedostępny online; Sprawdź dostępność w drogerii
